<collection xmlns="http://www.loc.gov/MARC21/slim">
<record>
  <leader>01909nam0a2200349 i 450 </leader>
  <controlfield tag="001">IT\ICCU\CNCE\055176</controlfield>
  <controlfield tag="005">20070924000000.0</controlfield>
  <datafield tag="012" ind1=" " ind2=" ">
    <subfield code="a">&apos;&amp;o- a.to lai; EpAl (3) 1599 (A)</subfield>
    <subfield code="2">fei</subfield>
  </datafield>
  <datafield tag="100" ind1=" " ind2=" ">
    <subfield code="a">20040107d1599        0itac0103    ba</subfield>
  </datafield>
  <datafield tag="101" ind1=" " ind2=" ">
    <subfield code="a">ITA</subfield>
  </datafield>
  <datafield tag="102" ind1=" " ind2=" ">
    <subfield code="a">IT</subfield>
  </datafield>
  <datafield tag="200" ind1="1" ind2=" ">
    <subfield code="a">Lagrime di diuersi nobilissimi spiriti in morte de la molto illustre signora Lucina Sauorgnana Marchesi</subfield>
  </datafield>
  <datafield tag="210" ind1=" " ind2=" ">
    <subfield code="a">In Vdine</subfield>
    <subfield code="c">appresso Gio. Battista Natolini</subfield>
    <subfield code="d">1599</subfield>
  </datafield>
  <datafield tag="215" ind1=" " ind2=" ">
    <subfield code="a">\4!, 52 c.</subfield>
    <subfield code="d">4ʻ</subfield>
  </datafield>
  <datafield tag="300" ind1=" " ind2=" ">
    <subfield code="a">Il nome dell&apos;autore si ricava dalla dedica</subfield>
  </datafield>
  <datafield tag="620" ind1=" " ind2=" ">
    <subfield code="a">IT</subfield>
    <subfield code="d">Udine</subfield>
  </datafield>
  <datafield tag="700" ind1=" " ind2="1">
    <subfield code="a">Forza,</subfield>
    <subfield code="b">Fabio</subfield>
    <subfield code="3">IT\ICCU\CNCA\005513</subfield>
  </datafield>
  <datafield tag="712" ind1="0" ind2="0">
    <subfield code="a">Natolini, Giovanni Battista</subfield>
    <subfield code="3">IT\ICCU\CNCT\000645</subfield>
    <subfield code="4">650</subfield>
  </datafield>
  <datafield tag="790" ind1=" " ind2="1">
    <subfield code="a">Della_Forza,</subfield>
    <subfield code="b">Fabio</subfield>
    <subfield code="3">IT\ICCU\CNCA\005514</subfield>
    <subfield code="z">Forza, Fabio</subfield>
  </datafield>
  <datafield tag="791" ind1="0" ind2="2">
    <subfield code="a">℗Al segno dell&apos;℗Esperienza</subfield>
    <subfield code="3">IT\ICCU\CNCT\002192</subfield>
    <subfield code="z">Natolini, Giovanni Battista</subfield>
  </datafield>
  <datafield tag="791" ind1="0" ind2="0">
    <subfield code="a">Natolinus, Ioannes Baptista</subfield>
    <subfield code="3">IT\ICCU\CNCT\005106</subfield>
    <subfield code="z">Natolini, Giovanni Battista</subfield>
  </datafield>
  <datafield tag="791" ind1="0" ind2="0">
    <subfield code="a">Natolino, Giovanbattista</subfield>
    <subfield code="3">IT\ICCU\CNCT\005107</subfield>
    <subfield code="z">Natolini, Giovanni Battista</subfield>
  </datafield>
  <datafield tag="801" ind1=" " ind2="3">
    <subfield code="a">IT</subfield>
    <subfield code="b">ICCU</subfield>
    <subfield code="c">20201115</subfield>
  </datafield>
  <datafield tag="899" ind1=" " ind2=" ">
    <subfield code="a">Biblioteca nazionale centrale. Firenze</subfield>
    <subfield code="1">FI0098</subfield>
    <subfield code="2">CFI CF</subfield>
  </datafield>
  <datafield tag="899" ind1=" " ind2=" ">
    <subfield code="a">Biblioteca civica Vincenzo Joppi. Udine</subfield>
    <subfield code="1">UD0106</subfield>
    <subfield code="2">FVG 12</subfield>
  </datafield>
  <datafield tag="899" ind1=" " ind2=" ">
    <subfield code="a">Biblioteca Bartoliniana. Udine</subfield>
    <subfield code="1">UD0243</subfield>
    <subfield code="2">ZUD 12</subfield>
  </datafield>
  <datafield tag="899" ind1=" " ind2=" ">
    <subfield code="a">Biblioteca d&apos;arte del Museo civico Correr. Venezia</subfield>
    <subfield code="1">VE0039</subfield>
    <subfield code="2">VEA BC</subfield>
  </datafield>
  <datafield tag="899" ind1=" " ind2=" ">
    <subfield code="a">Biblioteca nazionale Marciana. Venezia</subfield>
    <subfield code="1">VE0049</subfield>
    <subfield code="2">VEA BM</subfield>
  </datafield>
  <datafield tag="911" ind1=" " ind2=" ">
    <subfield code="a">Sul front.</subfield>
    <subfield code="9">IT\ICCU\CNCM\000368</subfield>
  </datafield>
  <datafield tag="911" ind1=" " ind2=" ">
    <subfield code="a">In fine</subfield>
    <subfield code="9">IT\ICCU\CNCM\001808</subfield>
  </datafield>
  <datafield tag="921" ind1=" " ind2=" ">
    <subfield code="a">IT\ICCU\CNCM\000368</subfield>
    <subfield code="b">Esperienza (donna seduta saggia monete sulla pietra di paragone). Sullo sfondo un paesaggio.</subfield>
    <subfield code="c">Z502</subfield>
    <subfield code="d">Dimensioni: 9,3 x 7,6</subfield>
    <subfield code="f">DONNA</subfield>
    <subfield code="f">ESPERIENZA</subfield>
    <subfield code="f">PAESAGGIO</subfield>
    <subfield code="f">SOLDI</subfield>
    <subfield code="g">1592-1599</subfield>
  </datafield>
  <datafield tag="921" ind1=" " ind2=" ">
    <subfield code="a">IT\ICCU\CNCM\001808</subfield>
    <subfield code="b">Esperienza (donna in piedi con una moneta nella destra e la pietra di paragone nella sinistra). In cornice figurata</subfield>
    <subfield code="c">Z501</subfield>
    <subfield code="d">Dimensioni: 9 x 11</subfield>
    <subfield code="f">ESPERIENZA</subfield>
    <subfield code="f">DONNA</subfield>
    <subfield code="g">1595-1599</subfield>
  </datafield>
</record>
</collection>
